<collection xmlns="http://www.loc.gov/MARC21/slim">
<record>
  <leader>00836ncm0a22001931i 450 </leader>
  <controlfield tag="001">IT\ICCU\CNCE\045100</controlfield>
  <controlfield tag="005">20180508000000.0</controlfield>
  <datafield tag="100" ind1=" " ind2=" ">
    <subfield code="a">19990120d1591        0itac0103    ba</subfield>
  </datafield>
  <datafield tag="101" ind1=" " ind2=" ">
    <subfield code="a">ITA</subfield>
  </datafield>
  <datafield tag="102" ind1=" " ind2=" ">
    <subfield code="a">BE</subfield>
  </datafield>
  <datafield tag="200" ind1="1" ind2=" ">
    <subfield code="a">Musica divina di XIX autori illustri, a IIII, V, VI et VIII voci, nuovamente raccolte da Pietro Phalesio, e data in luce. Nella quale si contengono i pi ̮eccellenti madrigali che hoggid si cantino</subfield>
  </datafield>
  <datafield tag="210" ind1=" " ind2=" ">
    <subfield code="a">Anversa</subfield>
    <subfield code="c">Pierre Phals̈e e Jean Bellr̈e</subfield>
    <subfield code="d">1591</subfield>
  </datafield>
  <datafield tag="300" ind1=" " ind2=" ">
    <subfield code="a">RISM : Recueils I, 1591/11</subfield>
  </datafield>
  <datafield tag="620" ind1=" " ind2=" ">
    <subfield code="a">BE</subfield>
    <subfield code="d">Anversa</subfield>
  </datafield>
  <datafield tag="700" ind1=" " ind2="1">
    <subfield code="a">Phals̈e,</subfield>
    <subfield code="b">Pierre</subfield>
    <subfield code="3">IT\ICCU\CNCA\011849</subfield>
  </datafield>
  <datafield tag="712" ind1="0" ind2="0">
    <subfield code="a">Phals̈e, Pierre &lt;2.&gt; &amp; Bellr̈e, Jean</subfield>
    <subfield code="3">IT\ICCU\CNCT\003249</subfield>
    <subfield code="4">650</subfield>
  </datafield>
  <datafield tag="790" ind1=" " ind2="1">
    <subfield code="a">Phalesio,</subfield>
    <subfield code="b">Pietro</subfield>
    <subfield code="3">IT\ICCU\CNCA\022793</subfield>
    <subfield code="z">Phals̈e, Pierre</subfield>
  </datafield>
  <datafield tag="790" ind1=" " ind2="1">
    <subfield code="a">Phals̈e,</subfield>
    <subfield code="b">Pietro</subfield>
    <subfield code="3">IT\ICCU\CNCA\022794</subfield>
    <subfield code="z">Phals̈e, Pierre</subfield>
  </datafield>
  <datafield tag="801" ind1=" " ind2="3">
    <subfield code="a">IT</subfield>
    <subfield code="b">ICCU</subfield>
    <subfield code="c">20201114</subfield>
  </datafield>
</record>
</collection>
